<?xml version="1.0" encoding="UTF-8"?><record xmlns="http://www.loc.gov/MARC21/slim" xmlns:cinclude="http://apache.org/cocoon/include/1.0" xmlns:zs="http://www.loc.gov/zing/srw/">
  <leader>00548cz  a2200157n  4500</leader>
  <controlfield tag="001">n  97002168 </controlfield>
  <controlfield tag="003">DLC</controlfield>
  <controlfield tag="005">20080828075825.0</controlfield>
  <controlfield tag="008">970108n| acannaabn          |n aaa      </controlfield>
  <datafield tag="010" ind1=" " ind2=" ">
    <subfield code="a">n  97002168 </subfield>
  </datafield>
  <datafield tag="035" ind1=" " ind2=" ">
    <subfield code="a">(OCoLC)oca04244097</subfield>
  </datafield>
  <datafield tag="040" ind1=" " ind2=" ">
    <subfield code="a">DLC</subfield>
    <subfield code="b">eng</subfield>
    <subfield code="c">DLC</subfield>
    <subfield code="d">Uk</subfield>
    <subfield code="d">Nz</subfield>
  </datafield>
  <datafield tag="100" ind1="1" ind2=" ">
    <subfield code="a">Davey, Colin</subfield>
  </datafield>
  <datafield tag="670" ind1=" " ind2=" ">
    <subfield code="a">Songs of the stags, 1995:</subfield>
    <subfield code="b">t.p. (Colin Davey) jkt. (educated at Wellington College; deer hunter)</subfield>
  </datafield>
  <datafield tag="670" ind1=" " ind2=" ">
    <subfield code="a">NZ files, Aug. 7, 2008</subfield>
    <subfield code="b">(x-ref.: Davey, Colin James, 1930-)</subfield>
  </datafield>
  <datafield tag="670" ind1=" " ind2=" ">
    <subfield code="a">New Zealand hunting and wildlife, Winter 2008</subfield>
    <subfield code="b">p. 47 (d. 2008)</subfield>
  </datafield>
</record>